% This file was created with JabRef 2.4.2.
% Encoding: UTF8

@BOOKLET{wasserfallRoyce,
	title = {{Managing the developement of large software systems}},
	author = {{Dr. Winston W. Royce}},
	lastchecked = {17.01.2017},
	timestamp = {2017.01.10},
	url = {https://www.cs.umd.edu/class/spring2003/cmsc838p/Process/waterfall.pdf}
}

@book{Rohrer2011,
	address = {Solingen},
	edition = {5.},
	title = {Clevere Tipps für die Projektarbeit - {IT-Berufe:} Abschlussprüfung Teil A},
	isbn = {3882347538},
	url = {http://fiae.link/ClevereTippsFuerDieProjektarbeit},
	publisher = {{U-Form-Verlag}},
	author = {Rohrer, Anselm and Sedlacek, Ramona},
	year = {2011}
}

@misc{Bundesgesetzblatt48,
	title = {Verordnung über die Berufsausbildung im Bereich der Informations- und Telekommunikationstechnik},
	url = {http://fiae.link/VerordnungITBerufe},
	author = {{Regierung der Bundesrepublik Deutschland}},
	month = jul,
	year = {1997},
	pages = {1741--1799}
}

@techreport{BMBF2000,
	address = {Bonn},
	type = {Abschlussbericht},
	title = {Umsetzungshilfen für die neue Prüfungsstruktur der {IT-Berufe}},
	shorttitle = {{BMBF2000}},
	url = {http://fiae.link/UmsetzungshilfenITBerufe},
	author = {{Bundesministerium für Bildung und Forschung}},
	institution = {{Bundesministerium für Bildung und Forschung}},
	month = jul,
	year = {2000},
	pages = {476}
}

@misc{MerkblattIHK,
	address = {Oldenburg},
	title = {Merkblatt zur Abschlussprüfung der IT-Berufe},
	author = {{IHK Oldenburg}},
	institution = {{Oldenburgische Industrie- und Handelskammer}},
	month = may,
	year = {2006},
	url = {http://fiae.link/MerkblattDokuOldenburg},
}

@misc{BewertungsmatrikIHK,
	address = {Darmstadt},
	title = {Bewertungsmatrix für Fachinformatiker/innen Anwendungsentwicklung},
	author = {{IHK Darmstadt}},
	institution = {{IHK Darmstadt Rhein Main Neckar}},
	month = mar,
	year = {2011},
	url = {http://fiae.link/BewertungsmatrixDokuDarmstadt},
}

@BOOKLET{phpDoc,
  title = {{phpDocumentor-Website}},
  author = {{phpdoc.org}},
  lastchecked = {20.04.2010},
  year = {2010},
  owner = {grashorn},
  timestamp = {2010.04.22},
  url = {http://www.phpdoc.org/}
}

